
@book{Allen_1987,
	address = {Oxford, UK},
	title = {Computer {Simulation} of {Liquids}},
	publisher = {Oxford University Press},
	author = {Allen, M.P. and Tildesley, D.J.},
	year = {1987}
}

@book{Frenkel_2002,
	address = {San Diego, CA, USA},
	series = {Computational science series},
	title = {Understanding {Molecular} {Simulation}: {From} {Algorithms} to {Applications}},
	publisher = {Academic Press},
	author = {Frenkel, D. and Smit, B.},
	year = {2002}
}

@book{Tuckerman_2010,
	address = {Oxford, UK},
	title = {Statistical {Mechanics}: {Theory} and {Molecular} {Simulation}},
	publisher = {Oxford University Press},
	author = {Tuckerman, Mark E.},
	year = {2010}
}

@book{Chipot_2007,
	title = {Free {Energy} {Calculations}},
	url = {https://doi.org/10.1007%2F978-3-540-38448-9},
	publisher = {Springer Berlin Heidelberg},
	editor = {Chipot, Christophe and Pohorille, Andrew},
	year = {2007},
	note = {DOI: 10.1007/978-3-540-38448-9}
}

@article{Abel_2017,
	title = {A {Critical} {Review} of {Validation}, {Blind} {Testing}, and {Real}- {World} {Use} of {Alchemical} {Protein}-{Ligand} {Binding} {Free} {Energy} {Calculations}},
	volume = {17},
	url = {https://doi.org/10.2174%2F1568026617666170414142131},
	doi = {10.2174/1568026617666170414142131},
	number = {23},
	journal = {Current Topics in Medicinal Chemistry},
	author = {Abel, Robert and Wang, Lingle and Mobley, David L. and Friesner, Richard A.},
	month = aug,
	year = {2017}
}

@article{Abel_2017_2,
	title = {Advancing {Drug} {Discovery} through {Enhanced} {Free} {Energy} {Calculations}},
	volume = {50},
	url = {https://doi.org/10.1021%2Facs.accounts.7b00083},
	doi = {10.1021/acs.accounts.7b00083},
	number = {7},
	journal = {Accounts of Chemical Research},
	author = {Abel, Robert and Wang, Lingle and Harder, Edward D. and Berne, B. J. and Friesner, Richard A.},
	month = jul,
	year = {2017},
	pages = {1625--1632}
}

@article{Cournia_2017,
	title = {Relative {Binding} {Free} {Energy} {Calculations} in {Drug} {Discovery}: {Recent} {Advances} and {Practical} {Considerations}},
	volume = {57},
	url = {https://doi.org/10.1021%2Facs.jcim.7b00564},
	doi = {10.1021/acs.jcim.7b00564},
	number = {12},
	journal = {Journal of Chemical Information and Modeling},
	author = {Cournia, Zoe and Allen, Bryce and Sherman, Woody},
	month = dec,
	year = {2017},
	pages = {2911--2937}
}

@article{Perez_2016,
	title = {Advances in free-energy-based simulations of protein folding and ligand binding},
	volume = {36},
	url = {https://doi.org/10.1016%2Fj.sbi.2015.12.002},
	doi = {10.1016/j.sbi.2015.12.002},
	journal = {Current Opinion in Structural Biology},
	author = {Perez, Alberto and Morrone, Joseph A. and Simmerling, Carlos and Dill, Ken A.},
	month = feb,
	year = {2016},
	pages = {25--31}
}

@article{Coudert_2008,
	title = {Thermodynamics of {Guest}-{Induced} {Structural} {Transitions} in {Hybrid} {Organic}-{Inorganic} {Frameworks}},
	volume = {130},
	url = {https://doi.org/10.1021%2Fja805129c},
	doi = {10.1021/ja805129c},
	number = {43},
	journal = {Journal of the American Chemical Society},
	author = {Coudert, Franc{\textbackslash}cois-Xavier and Jeffroy, Marie and Fuchs, Alain H. and Boutin, Anne and Mellot-Draznieks, Caroline},
	month = oct,
	year = {2008},
	pages = {14294--14302}
}

@article{Bousquet_2012,
	title = {Free energy landscapes for the thermodynamic understanding of adsorption-induced deformations and structural transitions in porous materials},
	volume = {137},
	url = {https://doi.org/10.1063%2F1.4738776},
	doi = {10.1063/1.4738776},
	number = {4},
	journal = {The Journal of Chemical Physics},
	author = {Bousquet, D. and Coudert, F.-X. and Boutin, A.},
	month = jul,
	year = {2012},
	pages = {044118}
}

@article{Ghysels_2013,
	title = {On the {Thermodynamics} of {Framework} {Breathing}: {A} {Free} {Energy} {Model} for {Gas} {Adsorption} in {MIL}-53},
	volume = {117},
	url = {https://doi.org/10.1021%2Fjp311601q},
	doi = {10.1021/jp311601q},
	number = {22},
	journal = {The Journal of Physical Chemistry C},
	author = {Ghysels, An and Vanduyfhuys, Louis and Vandichel, Matthias and Waroquier, Michel and Speybroeck, Veronique Van and Smit, Berend},
	month = may,
	year = {2013},
	pages = {11540--11554}
}

@article{Demuynck_2017,
	title = {Efficient {Construction} of {Free} {Energy} {Profiles} of {Breathing} {Metal}{\textendash}{Organic} {Frameworks} {Using} {Advanced} {Molecular} {Dynamics} {Simulations}},
	volume = {13},
	url = {https://doi.org/10.1021%2Facs.jctc.7b01014},
	doi = {10.1021/acs.jctc.7b01014},
	number = {12},
	journal = {Journal of Chemical Theory and Computation},
	author = {Demuynck, Ruben and Rogge, Sven M. J. and Vanduyfhuys, Louis and Wieme, Jelle and Waroquier, Michel and Speybroeck, Veronique Van},
	month = dec,
	year = {2017},
	pages = {5861--5873}
}

@article{Shirts_2005,
	title = {Comparison of efficiency and bias of free energies computed by exponential averaging, the {Bennett} acceptance ratio, and thermodynamic integration},
	volume = {122},
	url = {https://doi.org/10.1063%2F1.1873592},
	doi = {10.1063/1.1873592},
	number = {14},
	journal = {The Journal of Chemical Physics},
	author = {Shirts, Michael R. and Pande, Vijay S.},
	month = apr,
	year = {2005},
	pages = {144107}
}

@article{Aimoli_2014,
	title = {Force field comparison and thermodynamic property calculation of supercritical {CO}2 and {CH}4 using molecular dynamics simulations},
	volume = {368},
	url = {https://doi.org/10.1016%2Fj.fluid.2014.02.001},
	doi = {10.1016/j.fluid.2014.02.001},
	journal = {Fluid Phase Equilibria},
	author = {Aimoli, Cassiano G. and Maginn, Edward J. and Abreu, Charlles R. A.},
	month = apr,
	year = {2014},
	pages = {80--90}
}

@article{Aimoli_2014_2,
	title = {Thermodynamic {Properties} of {Supercritical} {Mixtures} of {Carbon} {Dioxide} and {Methane}: {A} {Molecular} {Simulation} {Study}},
	volume = {59},
	url = {https://doi.org/10.1021%2Fje500120v},
	doi = {10.1021/je500120v},
	number = {10},
	journal = {Journal of Chemical \& Engineering Data},
	author = {Aimoli, Cassiano G. and Maginn, Edward J. and Abreu, Charlles R. A.},
	month = may,
	year = {2014},
	pages = {3041--3054}
}

@article{Nichele_2018,
	title = {Accurate non-asymptotic thermodynamic properties of near-critical {N} 2 and {O} 2 computed from molecular dynamics simulations},
	volume = {135},
	url = {https://doi.org/10.1016%2Fj.supflu.2018.01.011},
	doi = {10.1016/j.supflu.2018.01.011},
	journal = {The Journal of Supercritical Fluids},
	author = {Nichele, Jakler and Abreu, Charlles R. A. and Alves, Leonardo S. de B. and Borges, Itamar},
	month = may,
	year = {2018},
	pages = {225--233}
}

@article{Chodera_2011,
	title = {Alchemical free energy methods for drug discovery: progress and challenges},
	volume = {21},
	url = {https://doi.org/10.1016%2Fj.sbi.2011.01.011},
	doi = {10.1016/j.sbi.2011.01.011},
	number = {2},
	journal = {Current Opinion in Structural Biology},
	author = {Chodera, John D. and Mobley, David L. and Shirts, Michael R. and Dixon, Richard W. and Branson, Kim and Pande, Vijay S.},
	month = apr,
	year = {2011},
	pages = {150--160}
}

@article{Chodera_2011_2,
	title = {Replica exchange and expanded ensemble simulations as {Gibbs} sampling: {Simple} improvements for enhanced mixing},
	volume = {135},
	url = {https://doi.org/10.1063%2F1.3660669},
	doi = {10.1063/1.3660669},
	number = {19},
	journal = {The Journal of Chemical Physics},
	author = {Chodera, John D. and Shirts, Michael R.},
	month = nov,
	year = {2011},
	pages = {194110}
}

@article{Shirts_2008,
	title = {Statistically optimal analysis of samples from multiple equilibrium states},
	volume = {129},
	url = {https://doi.org/10.1063%2F1.2978177},
	doi = {10.1063/1.2978177},
	number = {12},
	journal = {The Journal of Chemical Physics},
	author = {Shirts, Michael R. and Chodera, John D.},
	month = sep,
	year = {2008},
	pages = {124105}
}

@article{Tan_2012,
	title = {Theory of binless multi-state free energy estimation with applications to protein-ligand binding},
	volume = {136},
	url = {https://doi.org/10.1063%2F1.3701175},
	doi = {10.1063/1.3701175},
	number = {14},
	journal = {The Journal of Chemical Physics},
	author = {Tan, Zhiqiang and Gallicchio, Emilio and Lapelosa, Mauro and Levy, Ronald M.},
	month = apr,
	year = {2012},
	pages = {144102}
}

@article{Kong_2003,
	title = {A theory of statistical models for {Monte} {Carlo} integration},
	volume = {65},
	url = {https://doi.org/10.1111%2F1467-9868.00404},
	doi = {10.1111/1467-9868.00404},
	number = {3},
	journal = {Journal of the Royal Statistical Society: Series B (Statistical Methodology)},
	author = {Kong, A. and McCullagh, P. and Meng, X.-L. and Nicolae, D. and Tan, Z.},
	month = aug,
	year = {2003},
	pages = {585--604}
}

@article{Zwanzig_1954,
	title = {High-{Temperature} {Equation} of {State} by a {Perturbation} {Method}. {I}. {Nonpolar} {Gases}},
	volume = {22},
	url = {https://doi.org/10.1063%2F1.1740409},
	doi = {10.1063/1.1740409},
	number = {8},
	journal = {The Journal of Chemical Physics},
	author = {Zwanzig, Robert W.},
	month = aug,
	year = {1954},
	pages = {1420--1426}
}

@article{Jarzynski_1997,
	title = {Nonequilibrium {Equality} for {Free} {Energy} {Differences}},
	volume = {78},
	url = {https://doi.org/10.1103%2Fphysrevlett.78.2690},
	doi = {10.1103/physrevlett.78.2690},
	number = {14},
	journal = {Physical Review Letters},
	author = {Jarzynski, C.},
	month = apr,
	year = {1997},
	pages = {2690--2693}
}

@article{Jarzynski_1997_2,
	title = {Equilibrium free-energy differences from nonequilibrium measurements: {A} master-equation approach},
	volume = {56},
	url = {https://doi.org/10.1103%2Fphysreve.56.5018},
	doi = {10.1103/physreve.56.5018},
	number = {5},
	journal = {Physical Review E},
	author = {Jarzynski, C.},
	month = nov,
	year = {1997},
	pages = {5018--5035}
}

@article{Crooks_1999,
	title = {Entropy production fluctuation theorem and the nonequilibrium work relation for free energy differences},
	volume = {60},
	url = {https://doi.org/10.1103%2Fphysreve.60.2721},
	doi = {10.1103/physreve.60.2721},
	number = {3},
	journal = {Physical Review E},
	author = {Crooks, Gavin E.},
	month = sep,
	year = {1999},
	pages = {2721--2726}
}

@article{Jarzynski_2006,
	title = {Rare events and the convergence of exponentially averaged work values},
	volume = {73},
	url = {https://doi.org/10.1103%2Fphysreve.73.046105},
	doi = {10.1103/physreve.73.046105},
	number = {4},
	journal = {Physical Review E},
	author = {Jarzynski, Christopher},
	month = apr,
	year = {2006},
	pages = {046105--1--046105--10}
}

@article{Wu_2004,
	title = {Asymmetric bias in free-energy perturbation measurements using two {Hamiltonian}-based models},
	volume = {70},
	url = {https://doi.org/10.1103%2Fphysreve.70.066702},
	doi = {10.1103/physreve.70.066702},
	number = {6},
	journal = {Physical Review E},
	author = {Wu, Di and Kofke, David A.},
	month = dec,
	year = {2004},
	pages = {066702--1--066702--11}
}

@article{Kofke_2005,
	title = {Free energy methods in molecular simulation},
	volume = {228-229},
	url = {https://doi.org/10.1016%2Fj.fluid.2004.09.017},
	doi = {10.1016/j.fluid.2004.09.017},
	journal = {Fluid Phase Equilibria},
	author = {Kofke, David A.},
	month = feb,
	year = {2005},
	pages = {41--48}
}

@article{Lu_2003,
	title = {Appropriate methods to combine forward and reverse free-energy perturbation averages},
	volume = {118},
	url = {https://doi.org/10.1063%2F1.1537241},
	doi = {10.1063/1.1537241},
	number = {7},
	journal = {The Journal of Chemical Physics},
	author = {Lu, Nandou and Singh, Jayant K. and Kofke, David A.},
	month = feb,
	year = {2003},
	pages = {2977--2984}
}

@article{Lee_1980,
	title = {The surface tension of water: {A} {Monte} {Carlo} calculation using an umbrella sampling algorithm},
	volume = {73},
	url = {https://doi.org/10.1063%2F1.440698},
	doi = {10.1063/1.440698},
	number = {9},
	journal = {The Journal of Chemical Physics},
	author = {Lee, C. Y. and Scott, H. L.},
	month = nov,
	year = {1980},
	pages = {4591--4596}
}

@article{Bennett_1976,
	title = {Efficient {Estimation} of {Free} {Energy} {Differences} from {Monte} {Carlo} {Data}},
	volume = {22},
	journal = {Journal of Computational Physics},
	author = {Bennett, Charles H.},
	year = {1976},
	keywords = {import\_march\_24\_2011}
}

@article{Han_1992,
	title = {A new {Monte} {Carlo} method for estimating free energy and chemical potential},
	volume = {165},
	url = {https://doi.org/10.1016%2F0375-9601%2892%2991048-v},
	doi = {10.1016/0375-9601(92)91048-v},
	number = {1},
	journal = {Physics Letters A},
	author = {Han, Kyu-Kwang},
	month = may,
	year = {1992},
	pages = {28--32}
}

@article{Christ_2007,
	title = {Enveloping distribution sampling: {A} method to calculate free energy differences from a single simulation},
	volume = {126},
	url = {https://doi.org/10.1063%2F1.2730508},
	doi = {10.1063/1.2730508},
	number = {18},
	journal = {The Journal of Chemical Physics},
	author = {Christ, Clara D. and van Gunsteren, Wilfred F.},
	month = may,
	year = {2007},
	pages = {184110}
}

@article{Christ_2008,
	title = {Multiple free energies from a single simulation: {Extending} enveloping distribution sampling to nonoverlapping phase-space distributions},
	volume = {128},
	url = {https://doi.org/10.1063%2F1.2913050},
	doi = {10.1063/1.2913050},
	number = {17},
	journal = {The Journal of Chemical Physics},
	author = {Christ, Clara D. and van Gunsteren, Wilfred F.},
	month = may,
	year = {2008},
	pages = {174112}
}

@article{Christ_2009,
	title = {Comparison of three enveloping distribution sampling {Hamiltonians} for the estimation of multiple free energy differences from a single simulation},
	volume = {30},
	url = {https://doi.org/10.1002%2Fjcc.21325},
	doi = {10.1002/jcc.21325},
	number = {11},
	journal = {Journal of Computational Chemistry},
	author = {Christ, Clara D. and van Gunsteren, Wilfred F.},
	month = aug,
	year = {2009},
	pages = {1664--1679}
}

@article{Christ_2011,
	title = {Erratum: {\textquotedblleft}{Multiple} free energies from a single simulation: {Extending} enveloping distribution sampling to nonoverlapping phase-space distributions{\textquotedblright} [{J}. {Chem}. {Phys}. 128, 174112 (2008)]},
	volume = {134},
	url = {https://doi.org/10.1063%2F1.3596725},
	doi = {10.1063/1.3596725},
	number = {22},
	journal = {The Journal of Chemical Physics},
	author = {Christ, Clara D. and van Gunsteren, Wilfred F.},
	month = jun,
	year = {2011},
	pages = {229901}
}

@article{Chodera_2007,
	title = {Use of the {Weighted} {Histogram} {Analysis} {Method} for the {Analysis} of {Simulated} and {Parallel} {Tempering} {Simulations}},
	volume = {3},
	url = {https://doi.org/10.1021%2Fct0502864},
	doi = {10.1021/ct0502864},
	number = {1},
	journal = {Journal of Chemical Theory and Computation},
	author = {Chodera, John D. and Swope, William C. and Pitera, Jed W. and Seok, Chaok and Dill, Ken A.},
	month = jan,
	year = {2007},
	pages = {26--41}
}

@article{Shirts_2003,
	title = {Equilibrium {Free} {Energies} from {Nonequilibrium} {Measurements} {Using} {Maximum}-{Likelihood} {Methods}},
	volume = {91},
	url = {https://doi.org/10.1103%2Fphysrevlett.91.140601},
	doi = {10.1103/physrevlett.91.140601},
	number = {14},
	journal = {Physical Review Letters},
	author = {Shirts, Michael R. and Bair, Eric and Hooker, Giles and Pande, Vijay S.},
	month = oct,
	year = {2003},
	pages = {140601--1--140601--3}
}

@article{Tan_2004,
	title = {On a {Likelihood} {Approach} for {Monte} {Carlo} {Integration}},
	volume = {99},
	url = {https://doi.org/10.1198%2F016214504000001664},
	doi = {10.1198/016214504000001664},
	number = {468},
	journal = {Journal of the American Statistical Association},
	author = {Tan, Zhiqiang},
	month = dec,
	year = {2004},
	pages = {1027--1036}
}

@article{Torrie_1977,
	title = {Nonphysical sampling distributions in {Monte} {Carlo} free-energy estimation: {Umbrella} sampling},
	volume = {23},
	url = {https://doi.org/10.1016%2F0021-9991%2877%2990121-8},
	doi = {10.1016/0021-9991(77)90121-8},
	number = {2},
	journal = {Journal of Computational Physics},
	author = {Torrie, G. M. and Valleau, J. P.},
	month = feb,
	year = {1977},
	pages = {187--199}
}

@article{Abreu_2006,
	title = {A general framework for non-{Boltzmann} {Monte} {Carlo} sampling},
	volume = {124},
	url = {https://doi.org/10.1063%2F1.2165188},
	doi = {10.1063/1.2165188},
	number = {5},
	journal = {The Journal of Chemical Physics},
	author = {Abreu, Charlles R. A. and Escobedo, Fernando A.},
	month = feb,
	year = {2006},
	pages = {054116--1--054116--12}
}

@article{Mcdonald_1967,
	title = {Calculation of thermodynamic properties of liquid argon from {Lennard}-{Jones} parameters by a {Monte} {Carlo} method},
	volume = {43},
	url = {https://doi.org/10.1039%2Fdf9674300040},
	doi = {10.1039/df9674300040},
	journal = {Discussions of the Faraday Society},
	author = {McDonald, I. R. and Singer, K.},
	year = {1967},
	pages = {40}
}

@article{Mcdonald_1969,
	title = {Examination of the {Adequacy} of the 12{\textendash}6 {Potential} for {Liquid} {Argon} by {Means} of {Monte} {Carlo} {Calculations}},
	volume = {50},
	url = {https://doi.org/10.1063%2F1.1671381},
	doi = {10.1063/1.1671381},
	number = {6},
	journal = {The Journal of Chemical Physics},
	author = {McDonald, I. R. and Singer, K.},
	month = mar,
	year = {1969},
	pages = {2308--2315}
}

@article{Vardi_1985,
	title = {Empirical {Distributions} in {Selection} {Bias} {Models}},
	volume = {13},
	url = {https://doi.org/10.1214%2Faos%2F1176346585},
	doi = {10.1214/aos/1176346585},
	number = {1},
	journal = {The Annals of Statistics},
	author = {Vardi, Y.},
	month = mar,
	year = {1985},
	pages = {178--203}
}

@article{Gill_1988,
	title = {Large {Sample} {Theory} of {Empirical} {Distributions} in {Biased} {Sampling} {Models}},
	volume = {16},
	number = {3},
	journal = {The Annals of Statistics},
	author = {Gill, Richard D. and Vardi, Yehuda and Wellner, Jon A.},
	year = {1988},
	pages = {1069--1112}
}

@techreport{Geyer_1994,
	address = {School of Statistics, University of Minnesota, Minneapolis},
	title = {Estimating {Normalizing} {Constants} and {Reweighting} {Mixtures} in {Markov} {Chain} {Monte} {Carlo}},
	number = {568},
	author = {Geyer, Charles J.},
	year = {1994}
}

@article{Meng_1996,
	title = {Simulating {Ratios} of {Normalizing} {Constants} via a {Simple} {Identity}: {A} {Theoretical} {Exploration}},
	volume = {6},
	issn = {10170405, 19968507},
	url = {http://www.jstor.org/stable/24306045},
	number = {4},
	journal = {Statistica Sinica},
	author = {Meng, Xiao-Li and Wong, Wing Hung},
	year = {1996},
	pages = {831--860}
}

@article{Kofke_1998,
	title = {Precision and accuracy of staged free-energy perturbation methods for computing the chemical potential by molecular simulation},
	volume = {150-151},
	url = {https://doi.org/10.1016%2Fs0378-3812%2898%2900274-x},
	doi = {10.1016/s0378-3812(98)00274-x},
	journal = {Fluid Phase Equilibria},
	author = {Kofke, David A. and Cummings, Peter T.},
	month = sep,
	year = {1998},
	pages = {41--49}
}

@article{Berg_1992,
	title = {Multicanonical ensemble: {A} new approach to simulate first-order phase transitions},
	volume = {68},
	url = {https://doi.org/10.1103%2Fphysrevlett.68.9},
	doi = {10.1103/physrevlett.68.9},
	number = {1},
	journal = {Physical Review Letters},
	author = {Berg, Bernd A. and Neuhaus, Thomas},
	month = jan,
	year = {1992},
	pages = {9--12}
}

@article{Lee_1993,
	title = {New {Monte} {Carlo} algorithm: {Entropic} sampling},
	volume = {71},
	url = {https://doi.org/10.1103%2Fphysrevlett.71.211},
	doi = {10.1103/physrevlett.71.211},
	number = {2},
	journal = {Physical Review Letters},
	author = {Lee, Jooyoung},
	month = jul,
	year = {1993},
	pages = {211--214}
}

@article{Lyubartsev_1992,
	title = {New approach to {Monte} {Carlo} calculation of the free energy: {Method} of expanded ensembles},
	volume = {96},
	url = {https://doi.org/10.1063%2F1.462133},
	doi = {10.1063/1.462133},
	number = {3},
	journal = {The Journal of Chemical Physics},
	author = {Lyubartsev, A. P. and Martsinovski, A. A. and Shevkunov, S. V. and Vorontsov-Velyaminov, P. N.},
	month = feb,
	year = {1992},
	pages = {1776--1783}
}

@article{Nymeyer_2010,
	title = {Serial tempering without exchange},
	volume = {133},
	url = {https://doi.org/10.1063%2F1.3480013},
	doi = {10.1063/1.3480013},
	number = {11},
	journal = {The Journal of Chemical Physics},
	author = {Nymeyer, Hugh},
	month = sep,
	year = {2010},
	pages = {114113}
}

@article{Escobedo_2007,
	title = {Optimized expanded ensembles for simulations involving molecular insertions and deletions. {I}. {Closed} systems},
	volume = {127},
	url = {https://doi.org/10.1063%2F1.2800320},
	doi = {10.1063/1.2800320},
	number = {17},
	journal = {The Journal of Chemical Physics},
	author = {Escobedo, Fernando A. and Martinez-Veracoechea, Francisco J.},
	month = nov,
	year = {2007},
	pages = {174103}
}

@article{Escobedo_2008,
	title = {Optimization of expanded ensemble methods},
	volume = {129},
	url = {https://doi.org/10.1063%2F1.2994717},
	doi = {10.1063/1.2994717},
	number = {15},
	journal = {The Journal of Chemical Physics},
	author = {Escobedo, Fernando A. and Martinez-Veracoechea, Francisco J.},
	month = oct,
	year = {2008},
	pages = {154107}
}

@article{Martinez-veracoechea_2008,
	title = {Variance {Minimization} of {Free} {Energy} {Estimates} from {Optimized} {Expanded} {Ensembles}},
	volume = {112},
	url = {https://doi.org/10.1021%2Fjp801688p},
	doi = {10.1021/jp801688p},
	number = {27},
	journal = {The Journal of Physical Chemistry B},
	author = {Martinez-Veracoechea, Francisco J. and Escobedo, Fernando A.},
	month = jul,
	year = {2008},
	pages = {8120--8128}
}

@article{Trebst_2004,
	title = {Optimizing the ensemble for equilibration in broad-histogram {Monte} {Carlo} simulations},
	volume = {70},
	url = {https://doi.org/10.1103%2Fphysreve.70.046701},
	doi = {10.1103/physreve.70.046701},
	number = {4},
	journal = {Physical Review E},
	author = {Trebst, Simon and Huse, David A. and Troyer, Matthias},
	month = oct,
	year = {2004}
}

@article{Trebst_2006,
	title = {Optimized parallel tempering simulations of proteins},
	volume = {124},
	url = {https://doi.org/10.1063%2F1.2186639},
	doi = {10.1063/1.2186639},
	number = {17},
	journal = {The Journal of Chemical Physics},
	author = {Trebst, Simon and Troyer, Matthias and Hansmann, Ulrich H. E.},
	month = may,
	year = {2006},
	pages = {174903}
}

@article{Katzgraber_2006,
	title = {Feedback-optimized parallel tempering {Monte} {Carlo}},
	volume = {2006},
	url = {http://stacks.iop.org/1742-5468/2006/i=03/a=P03018},
	number = {03},
	journal = {Journal of Statistical Mechanics: Theory and Experiment},
	author = {Katzgraber, Helmut G. and Trebst, Simon and Huse, David A. and Troyer, Matthias},
	year = {2006},
	pages = {P03018}
}

@book{Pawitan_2001,
	address = {Oxford, UK},
	title = {In all likelihood: statistical modelling and inference using likelihood},
	publisher = {Oxford University Press},
	author = {Pawitan, Y.},
	year = {2001}
}

@book{Greene_2012,
	address = {Boston, MA, USA},
	edition = {7},
	title = {Econometric {Analysis}},
	publisher = {Prentice Hall},
	author = {Greene, W.H.},
	year = {2012}
}

@book{Lindsay_1995,
	address = {Hayward, CA, USA},
	series = {{NSF}-{CBMS} {Conference} {Series} in {Probability} and {Statistics}},
	title = {Mixture {Models}: {Theory}, {Geometry} and {Applications}},
	publisher = {Institute of Mathematical Statistics},
	author = {Lindsay, B. G.},
	year = {1995},
	keywords = {basic, methods, overview, textbook, thesis}
}

@article{Doss_2014,
	title = {Estimates and standard errors for ratios of normalizing constants from multiple {Markov} chains via regeneration},
	volume = {76},
	issn = {1467-9868},
	url = {http://dx.doi.org/10.1111/rssb.12049},
	doi = {10.1111/rssb.12049},
	number = {4},
	journal = {Journal of the Royal Statistical Society: Series B (Statistical Methodology)},
	author = {Doss, Hani and Tan, Aixin},
	year = {2014},
	keywords = {Geometric ergodicity, Importance sampling, Markov chain Monte Carlo methods, Ratios of normalizing constants, Regenerative simulation, Standard errors},
	pages = {683--712}
}

@article{Geyer_1992,
	title = {Constrained {Monte} {Carlo} {Maximum} {Likelihood} for {Dependent} {Data}},
	volume = {54},
	issn = {00359246},
	url = {http://www.jstor.org/stable/2345852},
	number = {3},
	journal = {Journal of the Royal Statistical Society. Series B (Methodological)},
	author = {Geyer, Charles J. and Thompson, Elizabeth A.},
	year = {1992},
	pages = {657--699}
}

@article{Klimovich_2015,
	title = {Guidelines for the analysis of free energy calculations},
	volume = {29},
	url = {https://doi.org/10.1007%2Fs10822-015-9840-9},
	doi = {10.1007/s10822-015-9840-9},
	number = {5},
	journal = {Journal of Computer-Aided Molecular Design},
	author = {Klimovich, Pavel V. and Shirts, Michael R. and Mobley, David L.},
	month = mar,
	year = {2015},
	pages = {397--411}
}

@article{Beutler_1994,
	title = {Avoiding singularities and numerical instabilities in free energy calculations based on molecular simulations},
	volume = {222},
	url = {https://doi.org/10.1016%2F0009-2614%2894%2900397-1},
	doi = {10.1016/0009-2614(94)00397-1},
	number = {6},
	journal = {Chemical Physics Letters},
	author = {Beutler, Thomas C. and Mark, Alan E. and Schaik, Ren{\'e} C. van and Gerber, Paul R. and van Gunsteren, Wilfred F.},
	month = jun,
	year = {1994},
	pages = {529--539}
}

@book{Shirts_2017,
	title = {Reweighting from the mixture distribution as a better way to describe the {Multistate} {Bennett} {Acceptance} {Ratio}},
	author = {Shirts, Michael R.},
	year = {2017}
}

@article{Tan_2015,
	title = {Honest {Importance} {Sampling} {With} {Multiple} {Markov} {Chains}},
	volume = {24},
	url = {https://doi.org/10.1080%2F10618600.2014.929523},
	doi = {10.1080/10618600.2014.929523},
	number = {3},
	journal = {Journal of Computational and Graphical Statistics},
	author = {Tan, Aixin and Doss, Hani and Hobert, James P.},
	month = jul,
	year = {2015},
	pages = {792--826}
}

@article{Roy_2018,
	title = {Estimating standard errors for importance sampling estimators with multiple {Markov} chains},
	url = {https://doi.org/10.5705%2Fss.202016.0378},
	doi = {10.5705/ss.202016.0378},
	journal = {Statistica Sinica},
	author = {Roy, Vivekananda and Tan, Aixin and Flegal, James},
	year = {2018}
}

@article{Ding_2017,
	title = {Gibbs {Sampler}-{Based} \${\textbackslash}lambda\$-{Dynamics} and {Rao}{\textendash}{Blackwell} {Estimator} for {Alchemical} {Free} {Energy} {Calculation}},
	volume = {13},
	url = {https://doi.org/10.1021%2Facs.jctc.7b00204},
	doi = {10.1021/acs.jctc.7b00204},
	number = {6},
	journal = {Journal of Chemical Theory and Computation},
	author = {Ding, Xinqiang and Vilseck, Jonah Z. and Hayes, Ryan L. and Brooks, Charles L.},
	month = may,
	year = {2017},
	pages = {2501--2510}
}

@inproceedings{Meketon_1984,
	address = {Piscataway, NJ, USA},
	series = {{WSC} '84},
	title = {Overlapping {Batch} {Means}: {Something} for {Nothing}?},
	url = {http://dl.acm.org/citation.cfm?id=800013.809465},
	booktitle = {Proceedings of the 16th {Conference} on {Winter} {Simulation}},
	publisher = {IEEE Press},
	author = {Meketon, Marc S. and Schmeiser, Bruce},
	year = {1984},
	pages = {226--230}
}

@article{Flegal_2010,
	title = {Batch means and spectral variance estimators in {Markov} chain {Monte} {Carlo}},
	volume = {38},
	url = {https://doi.org/10.1214%2F09-aos735},
	doi = {10.1214/09-aos735},
	number = {2},
	journal = {The Annals of Statistics},
	author = {Flegal, James M. and Jones, Galin L.},
	month = apr,
	year = {2010},
	pages = {1034--1070}
}

@inproceedings{Alexopoulos_2006,
	address = {Monterey, California},
	series = {{WSC} '06},
	title = {A {Comprehensive} {Review} of {Methods} for {Simulation} {Output} {Analysis}},
	isbn = {1-4244-0501-7},
	url = {http://dl.acm.org/citation.cfm?id=1218112.1218148},
	booktitle = {Proceedings of the 38th {Conference} on {Winter} {Simulation}},
	publisher = {Winter Simulation Conference},
	author = {Alexopoulos, Christos},
	year = {2006},
	pages = {168--178}
}

@techreport{Vats_2015,
	type = {preprint},
	title = {Multivariate {Output} {Analysis} for {Markov} chain {Monte} {Carlo}},
	number = {arXiv:1512.07713},
	author = {Vats, Dootika and Flegal, James M. and Jones, Galin L.},
	year = {2015}
}

@article{Buta_2011,
	title = {Computational approaches for empirical {Bayes} methods and {Bayesian} sensitivity analysis},
	volume = {39},
	url = {https://doi.org/10.1214%2F11-aos913},
	doi = {10.1214/11-aos913},
	number = {5},
	journal = {The Annals of Statistics},
	author = {Buta, Eugenia and Doss, Hani},
	month = oct,
	year = {2011},
	pages = {2658--2685}
}

@phdthesis{Buta_2010,
	address = {Gainesville, FL, USA},
	type = {{PhD} {Thesis}},
	title = {Computational approaches for empirical {Bayes} methods and {Bayesian} sensitivity analysis},
	school = {University of Florida},
	author = {Buta, Eugenia},
	year = {2010}
}

@article{Kirschner_2007,
	title = {{GLYCAM}06: {A} generalizable biomolecular force field. {Carbohydrates}},
	volume = {29},
	url = {https://doi.org/10.1002%2Fjcc.20820},
	doi = {10.1002/jcc.20820},
	number = {4},
	journal = {Journal of Computational Chemistry},
	author = {Kirschner, Karl N. and Yongye, Austin B. and Tschampel, Sarah M. and Gonz{\'a}lez-Outeiri{\~n}o, Jorge and Daniels, Charlisa R. and Foley, B. Lachele and Woods, Robert J.},
	month = sep,
	year = {2007},
	pages = {622--655}
}

@article{Abascal_2005,
	title = {A general purpose model for the condensed phases of water: {TIP}4P/2005},
	volume = {123},
	url = {https://doi.org/10.1063%2F1.2121687},
	doi = {10.1063/1.2121687},
	number = {23},
	journal = {The Journal of Chemical Physics},
	author = {Abascal, J. L. F. and Vega, C.},
	month = dec,
	year = {2005},
	pages = {234505}
}

@article{Plimpton_1995,
	title = {Fast {Parallel} {Algorithms} for {Short}-{Range} {Molecular} {Dynamics}},
	volume = {117},
	url = {https://doi.org/10.1006%2Fjcph.1995.1039},
	doi = {10.1006/jcph.1995.1039},
	number = {1},
	journal = {Journal of Computational Physics},
	author = {Plimpton, Steve},
	month = mar,
	year = {1995},
	pages = {1--19}
}

@article{Hansen_2014,
	title = {Practical {Aspects} of {Free}-{Energy} {Calculations}: {A} {Review}},
	volume = {10},
	url = {https://doi.org/10.1021%2Fct500161f},
	doi = {10.1021/ct500161f},
	number = {7},
	journal = {Journal of Chemical Theory and Computation},
	author = {Hansen, Niels and van Gunsteren, Wilfred F.},
	month = jul,
	year = {2014},
	pages = {2632--2647}
}

@article{Christ_2010,
	title = {Basic ingredients of free energy calculations: {A} review},
	volume = {31},
	url = {https://doi.org/10.1002%2Fjcc.21450},
	doi = {10.1002/jcc.21450},
	number = {8},
	journal = {Journal of Computational Chemistry},
	author = {Christ, Clara D. and Mark, Alan E. and van Gunsteren, Wilfred F.},
	year = {2010},
	pages = {1569--1582}
}

@article{Kumar_1992,
	title = {The weighted histogram analysis method for free-energy calculations on biomolecules. {I}. {The} method},
	volume = {13},
	url = {https://doi.org/10.1002%2Fjcc.540130812},
	doi = {10.1002/jcc.540130812},
	number = {8},
	journal = {Journal of Computational Chemistry},
	author = {Kumar, Shankar and Rosenberg, John M. and Bouzida, Djamal and Swendsen, Robert H. and Kollman, Peter A.},
	month = oct,
	year = {1992},
	pages = {1011--1021}
}

@misc{Grossfield_nodate,
	title = {{WHAM}: the weighted histogram analysis method},
	url = {http://membrane.urmc.rochester.edu/content/wham},
	author = {Grossfield, Alan}
}

@article{Shirts_2003_2,
	title = {Extremely precise free energy calculations of amino acid side chain analogs: {Comparison} of common molecular mechanics force fields for proteins},
	volume = {119},
	url = {https://doi.org/10.1063%2F1.1587119},
	doi = {10.1063/1.1587119},
	number = {11},
	journal = {The Journal of Chemical Physics},
	author = {Shirts, Michael R. and Pitera, Jed W. and Swope, William C. and Pande, Vijay S.},
	month = sep,
	year = {2003},
	pages = {5740--5761}
}

@article{Fennell_2006,
	title = {Is the {Ewald} summation still necessary? {Pairwise} alternatives to the accepted standard for long-range electrostatics},
	volume = {124},
	number = {23},
	journal = {The Journal of Chemical Physics},
	author = {Fennell, C J and Gezelter, J D},
	year = {2006},
	pages = {234104--234116}
}

@article{Dullweber_1997,
	title = {Symplectic splitting methods for rigid body molecular dynamics},
	volume = {107},
	url = {https://doi.org/10.1063%2F1.474310},
	doi = {10.1063/1.474310},
	number = {15},
	journal = {The Journal of Chemical Physics},
	author = {Dullweber, Andreas and Leimkuhler, Benedict and McLachlan, Robert},
	month = oct,
	year = {1997},
	pages = {5840--5851}
}

@article{Miller_2002,
	title = {Symplectic quaternion scheme for biophysical molecular dynamics},
	volume = {116},
	doi = {http://dx.doi.org/10.1063/1.1473654},
	number = {20},
	journal = {The Journal of Chemical Physics},
	author = {Miller, T F and Eleftheriou, M and Pattnaik, P and Ndirango, A and Newns, D and J, Martyna G.},
	year = {2002},
	pages = {8649--8659}
}

@article{Silveira_2017,
	title = {Molecular dynamics with rigid bodies: {Alternative} formulation and assessment of its limitations when employed to simulate liquid water},
	volume = {147},
	url = {https://doi.org/10.1063%2F1.5003636},
	doi = {10.1063/1.5003636},
	number = {12},
	journal = {The Journal of Chemical Physics},
	author = {Silveira, Ana J. and Abreu, Charlles R. A.},
	month = sep,
	year = {2017},
	pages = {124104}
}

@article{Kamberaj_2005,
	title = {Time reversible and symplectic integrators for molecular dynamics simulations fo rigid molecules},
	volume = {122},
	journal = {The Journal of Chemical Physics},
	author = {Kamberaj, H. and Low, R. J. and Neal, M. P.},
	year = {2005},
	pages = {224114}
}

@article{Ryckaert_1977,
	title = {Numerical integration of the cartesian equations of motion of a system with constraints: molecular dynamics of n-alkanes},
	volume = {23},
	url = {https://doi.org/10.1016%2F0021-9991%2877%2990098-5},
	doi = {10.1016/0021-9991(77)90098-5},
	number = {3},
	journal = {Journal of Computational Physics},
	author = {Ryckaert, Jean-Paul and Ciccotti, Giovanni and Berendsen, Herman J. C.},
	month = mar,
	year = {1977},
	pages = {327--341}
}

@article{Martyna_1994,
	title = {Constant pressure molecular dynamics algorithms},
	volume = {101},
	url = {https://doi.org/10.1063%2F1.467468},
	doi = {10.1063/1.467468},
	number = {5},
	journal = {The Journal of Chemical Physics},
	author = {Martyna, Glenn J. and Tobias, Douglas J. and Klein, Michael L.},
	month = sep,
	year = {1994},
	pages = {4177--4189}
}

@article{Martyna_1992,
	title = {Nos{\'e}{\textendash}{Hoover} chains: {The} canonical ensemble via continuous dynamics},
	volume = {97},
	url = {https://doi.org/10.1063%2F1.463940},
	doi = {10.1063/1.463940},
	number = {4},
	journal = {The Journal of Chemical Physics},
	author = {Martyna, Glenn J. and Klein, Michael L. and Tuckerman, Mark},
	month = aug,
	year = {1992},
	pages = {2635--2643}
}

@article{Davidchack_2012,
	title = {Ice {I}\_h-{Water} {Interfacial} {Free} {Energy} of {SImple} {Water} {Models} with {Full} {Electrostatic} {Interactions}},
	volume = {8},
	number = {7},
	journal = {Journal of Chemical Theory and Computation},
	author = {Davidchack, R L and Handel, R and Anwar, J and Brukhno, A V},
	year = {2012},
	pages = {2383--2390}
}

@article{Wang_2004,
	title = {Development and testing of a general amber force field},
	volume = {25},
	url = {https://doi.org/10.1002%2Fjcc.20035},
	doi = {10.1002/jcc.20035},
	number = {9},
	journal = {Journal of Computational Chemistry},
	author = {Wang, Junmei and Wolf, Romain M. and Caldwell, James W. and Kollman, Peter A. and Case, David A.},
	year = {2004},
	pages = {1157--1174}
}

@article{Wang_2006,
	title = {Automatic atom type and bond type perception in molecular mechanical calculations},
	volume = {25},
	url = {https://doi.org/10.1016%2Fj.jmgm.2005.12.005},
	doi = {10.1016/j.jmgm.2005.12.005},
	number = {2},
	journal = {Journal of Molecular Graphics and Modelling},
	author = {Wang, Junmei and Wang, Wei and Kollman, Peter A. and Case, David A.},
	month = oct,
	year = {2006},
	pages = {247--260}
}

@article{Jakalian_2000,
	title = {Fast, efficient generation of high-quality atomic charges. {AM}1-{BCC} model: {I}. {Method}},
	volume = {21},
	url = {https://doi.org/10.1002%2F%28sici%291096-987x%2820000130%2921%3A2%3C132%3A%3Aaid-jcc5%3E3.0.co%3B2-p},
	doi = {10.1002/(sici)1096-987x(20000130)21:2<132::aid-jcc5>3.0.co;2-p},
	number = {2},
	journal = {Journal of Computational Chemistry},
	author = {Jakalian, Araz and Bush, Bruce L. and Jack, David B. and Bayly, Christopher I.},
	month = jan,
	year = {2000},
	pages = {132--146}
}

@article{Jakalian_2002,
	title = {Fast, efficient generation of high-quality atomic charges. {AM}1-{BCC} model: {II}. {Parameterization} and validation},
	volume = {23},
	url = {https://doi.org/10.1002%2Fjcc.10128},
	doi = {10.1002/jcc.10128},
	number = {16},
	journal = {Journal of Computational Chemistry},
	author = {Jakalian, Araz and Jack, David B. and Bayly, Christopher I.},
	month = oct,
	year = {2002},
	pages = {1623--1641}
}

@misc{Case_2017,
	address = {San Francisco, CA},
	title = {{AMBER} 2017},
	url = {http://ambermd.org},
	publisher = {University of California},
	author = {Case, D. A. and Cerutti, D. S. and Cheatham III, T. E. and Darden, T. A. and Duke, R. E. and Giese, T. J. and Gohlke, H. and Goetz, A. W. and Greene, D. and Homeyer, N. and Izadi, S. and Kovalenko, A. and Lee, T. S. and LeGrand, S. and Li, P. and Lin, C. and Liu, J. and Luchko, T. and Luo, R. and Mermelstein, D. and Merz, K. M. and Monard, G. and Nguyen, H. and Omelyan, I. and Onufriev, A. and Pan, F. and Qi, R. and Roe, D. R. and Roitberg, A. and Sagui, C. and Simmerling, C. L. and Botello-Smith, W. M. and Swails, J. and Walker, R. C. and Wang, J. and Wolf, R. M. and Wu, X. and Xiao, L. and York, D. M. and Kollman, P. A.},
	year = {2017}
}

@article{Mey_2014,
	title = {{xTRAM}: {Estimating} {Equilibrium} {Expectations} from {Time}-{Correlated} {Simulation} {Data} at {Multiple} {Thermodynamic} {States}},
	volume = {4},
	issn = {2160-3308},
	shorttitle = {{xTRAM}},
	url = {https://link.aps.org/doi/10.1103/PhysRevX.4.041018},
	doi = {10.1103/PhysRevX.4.041018},
	language = {en},
	number = {4},
	urldate = {2018-02-15},
	journal = {Physical Review X},
	author = {Mey, Antonia S. J. S. and Wu, Hao and No{\'e}, Frank},
	month = oct,
	year = {2014}
}

@inproceedings{Carlson_2016,
	address = {New York, NY, USA},
	series = {{ICML}'16},
	title = {Partition {Functions} from {Rao}-{Blackwellized} {Tempered} {Sampling}},
	url = {http://dl.acm.org/citation.cfm?id=3045390.3045695},
	booktitle = {Proceedings of the 33rd {International} {Conference} on {International} {Conference} on {Machine} {Learning} - {Volume} 48},
	publisher = {JMLR.org},
	author = {Carlson, David E. and Stinson, Patrick and Pakman, Ari and Paninski, Liam},
	year = {2016},
	pages = {2896--2905}
}

@article{Wu_2014,
	title = {Statistically optimal analysis of state-discretized trajectory data from multiple thermodynamic states},
	volume = {141},
	issn = {0021-9606, 1089-7690},
	url = {http://aip.scitation.org/doi/10.1063/1.4902240},
	doi = {10.1063/1.4902240},
	language = {en},
	number = {21},
	urldate = {2018-02-16},
	journal = {The Journal of Chemical Physics},
	author = {Wu, Hao and Mey, Antonia S. J. S. and Rosta, Edina and No{\'e}, Frank},
	month = dec,
	year = {2014},
	pages = {214106}
}

@article{Rosta_2015,
	title = {Free {Energies} from {Dynamic} {Weighted} {Histogram} {Analysis} {Using} {Unbiased} {Markov} {State} {Model}},
	volume = {11},
	issn = {1549-9618, 1549-9626},
	url = {http://pubs.acs.org/doi/10.1021/ct500719p},
	doi = {10.1021/ct500719p},
	language = {en},
	number = {1},
	urldate = {2018-02-16},
	journal = {Journal of Chemical Theory and Computation},
	author = {Rosta, Edina and Hummer, Gerhard},
	month = jan,
	year = {2015},
	pages = {276--285}
}

@article{Pande_2010,
	title = {Everything you wanted to know about {Markov} {State} {Models} but were afraid to ask},
	volume = {52},
	issn = {10462023},
	url = {http://linkinghub.elsevier.com/retrieve/pii/S1046202310001568},
	doi = {10.1016/j.ymeth.2010.06.002},
	language = {en},
	number = {1},
	urldate = {2018-02-16},
	journal = {Methods},
	author = {Pande, Vijay S. and Beauchamp, Kyle and Bowman, Gregory R.},
	month = sep,
	year = {2010},
	pages = {99--105}
}

@article{Husic_2018,
	title = {Markov {State} {Models}: {From} an {Art} to a {Science}},
	issn = {0002-7863, 1520-5126},
	shorttitle = {Markov {State} {Models}},
	url = {http://pubs.acs.org/doi/10.1021/jacs.7b12191},
	doi = {10.1021/jacs.7b12191},
	language = {en},
	urldate = {2018-02-16},
	journal = {Journal of the American Chemical Society},
	author = {Husic, Brooke E. and Pande, Vijay S.},
	month = feb,
	year = {2018}
}

@article{Wu_2016,
	title = {Multiensemble {Markov} models of molecular thermodynamics and kinetics},
	volume = {113},
	issn = {0027-8424, 1091-6490},
	url = {http://www.pnas.org/lookup/doi/10.1073/pnas.1525092113},
	doi = {10.1073/pnas.1525092113},
	language = {en},
	number = {23},
	urldate = {2018-02-16},
	journal = {Proceedings of the National Academy of Sciences},
	author = {Wu, Hao and Paul, Fabian and Wehmeyer, Christoph and No{\'e}, Frank},
	month = jun,
	year = {2016},
	pages = {E3221--E3230}
}

@article{Bartels_2000,
	title = {Analyzing biased {Monte} {Carlo} and molecular dynamics simulations},
	volume = {331},
	issn = {00092614},
	url = {http://linkinghub.elsevier.com/retrieve/pii/S000926140001215X},
	doi = {10.1016/S0009-2614(00)01215-X},
	language = {en},
	number = {5-6},
	urldate = {2018-02-17},
	journal = {Chemical Physics Letters},
	author = {Bartels, Christian},
	month = dec,
	year = {2000},
	pages = {446--454}
}

@article{Souaille_2001,
	title = {Extension to the weighted histogram analysis method: combining umbrella sampling with free energy calculations},
	volume = {135},
	issn = {00104655},
	shorttitle = {Extension to the weighted histogram analysis method},
	url = {http://linkinghub.elsevier.com/retrieve/pii/S0010465500002150},
	doi = {10.1016/S0010-4655(00)00215-0},
	language = {en},
	number = {1},
	urldate = {2018-02-17},
	journal = {Computer Physics Communications},
	author = {Souaille, Marc and Roux, Beno{\i}?t},
	month = mar,
	year = {2001},
	pages = {40--57}
}

@article{Vats_2018,
	title = {Strong consistency of multivariate spectral variance estimators in {Markov} chain {Monte} {Carlo}},
	volume = {24},
	url = {https://doi.org/10.3150%2F16-bej914},
	doi = {10.3150/16-bej914},
	number = {3},
	journal = {Bernoulli},
	author = {Vats, Dootika and Flegal, James M. and Jones, Galin L.},
	month = aug,
	year = {2018},
	pages = {1860--1909}
}

@article{Mobley_2017,
	title = {Predicting {Binding} {Free} {Energies}: {Frontiers} and {Benchmarks}},
	volume = {46},
	issn = {1936-122X, 1936-1238},
	shorttitle = {Predicting {Binding} {Free} {Energies}},
	url = {http://www.annualreviews.org/doi/10.1146/annurev-biophys-070816-033654},
	doi = {10.1146/annurev-biophys-070816-033654},
	language = {en},
	number = {1},
	urldate = {2018-02-18},
	journal = {Annual Review of Biophysics},
	author = {Mobley, David L. and Gilson, Michael K.},
	month = may,
	year = {2017},
	pages = {531--558}
}

@book{Jones_2001,
	title = {{SciPy}: {Open} source scientific tools for {Python}},
	url = {http://www.scipy.org/},
	author = {Jones, Eric and Oliphant, Travis and Peterson, Pearu and {others}},
	year = {2001},
	annote = {[Online; accessed {\textless}today{\textgreater}]},
	annote = {[Online; accessed {\textless}today{\textgreater}]}
}

@book{Van_rossum_2011,
	address = {Bristol},
	title = {An introduction to {Python}: for {Python} version 3.2},
	isbn = {978-1-906966-13-3},
	shorttitle = {An introduction to {Python}},
	language = {English},
	publisher = {Network Theory Ltd.},
	author = {Van Rossum, Guido and Drake, Fred L},
	year = {2011},
	note = {OCLC: 727916665}
}

@inproceedings{Mckinney_2010,
	title = {Data {Structures} for {Statistical} {Computing} in {Python}},
	booktitle = {Proceedings of the 9th {Python} in {Science} {Conference}},
	author = {McKinney, Wes},
	editor = {Walt, St{\'e}fan van der and Millman, Jarrod},
	year = {2010},
	pages = {51 -- 56}
}

@article{Meurer_2017,
	title = {{SymPy}: symbolic computing in {Python}},
	volume = {3},
	issn = {2376-5992},
	shorttitle = {{SymPy}},
	url = {https://peerj.com/articles/cs-103},
	doi = {10.7717/peerj-cs.103},
	language = {en},
	urldate = {2018-02-21},
	journal = {PeerJ Computer Science},
	author = {Meurer, Aaron and Smith, Christopher P. and Paprocki, Mateusz and {\v C}ert{\'i}k, Ond{\v r}ej and Kirpichev, Sergey B. and Rocklin, Matthew and Kumar, AMiT and Ivanov, Sergiu and Moore, Jason K. and Singh, Sartaj and Rathnayake, Thilina and Vig, Sean and Granger, Brian E. and Muller, Richard P. and Bonazzi, Francesco and Gupta, Harsh and Vats, Shivam and Johansson, Fredrik and Pedregosa, Fabian and Curry, Matthew J. and Terrel, Andy R. and Rou{\v c}ka, {\v S}t{\v e}p{\'a}n and Saboo, Ashutosh and Fernando, Isuru and Kulal, Sumith and Cimrman, Robert and Scopatz, Anthony},
	month = jan,
	year = {2017},
	pages = {e103}
}

@article{Van_der_walt_2011,
	title = {The {NumPy} {Array}: {A} {Structure} for {Efficient} {Numerical} {Computation}},
	volume = {13},
	issn = {1521-9615},
	shorttitle = {The {NumPy} {Array}},
	url = {http://ieeexplore.ieee.org/document/5725236/},
	doi = {10.1109/MCSE.2011.37},
	number = {2},
	urldate = {2018-02-21},
	journal = {Computing in Science \& Engineering},
	author = {van der Walt, St{\'e}fan and Colbert, S Chris and Varoquaux, Ga{\"e}l},
	month = mar,
	year = {2011},
	pages = {22--30}
}

@article{Ferrenberg_1989,
	title = {Optimized {Monte} {Carlo} data analysis},
	volume = {63},
	issn = {0031-9007},
	url = {https://link.aps.org/doi/10.1103/PhysRevLett.63.1195},
	doi = {10.1103/PhysRevLett.63.1195},
	language = {en},
	number = {12},
	urldate = {2018-02-23},
	journal = {Physical Review Letters},
	author = {Ferrenberg, Alan M. and Swendsen, Robert H.},
	month = sep,
	year = {1989},
	pages = {1195--1198}
}

@incollection{Marin_2005,
	series = {Handbook of {Statistics}},
	title = {Bayesian {Modelling} and {Inference} on {Mixtures} of {Distributions}},
	volume = {25},
	isbn = {978-0-444-51539-1},
	url = {http://linkinghub.elsevier.com/retrieve/pii/S0169716105250162},
	language = {en},
	urldate = {2018-02-27},
	booktitle = {Bayesian {Thinking} {Modeling} and {Computation}},
	publisher = {Elsevier},
	author = {Marin, Jean-Michel and Mengersen, Kerrie and Robert, Christian P.},
	editor = {Dey, D. K. and Rao, C. R.},
	year = {2005},
	note = {DOI: 10.1016/S0169-7161(05)25016-2},
	pages = {459--507}
}